<?xml version="1.0" encoding="UTF-8"?><collection xmlns="http://www.loc.gov/MARC21/slim"><record><leader>00398nam--2200133-i-4500</leader><controlfield tag="001">000004772</controlfield><controlfield tag="002">20161230</controlfield><controlfield tag="005">20161230201026</controlfield><controlfield tag="008">060222s1000------------r-----000-0-eng-d</controlfield><datafield ind1=" " ind2=" " tag="100"><subfield code="a">Adams, M.D. /S.A.</subfield></datafield><datafield ind1=" " ind2=" " tag="245"><subfield code="a">Extraction of uranium, magnesium, zirconium and cerium from bismuth with a fused fluo- ride salt mixture</subfield></datafield><datafield ind1=" " ind2=" " tag="260"><subfield code="a">Chicago, The University, 1959 18 P</subfield></datafield><datafield ind1=" " ind2=" " tag="490"><subfield code="a">6017</subfield></datafield><datafield ind1=" " ind2=" " tag="852"><subfield code="a">14692</subfield></datafield></record></collection>